<?xml version="1.0" encoding="utf-8"?>
<record xmlns="http://www.loc.gov/MARC21/slim" xmlns:xsi="http://www.w3.org/2001/XMLSchema-instance" xsi:schemaLocation="http://www.loc.gov/MARC21/slim http://www.loc.gov/standards/marcxml/schema/MARC21slim.xsd">
	<leader>     nam a22     Mi 4500</leader>
	<controlfield tag="001">b23631831</controlfield>
	<controlfield tag="003">LeBAU</controlfield>
	<controlfield tag="006">m        d        </controlfield>
	<controlfield tag="007">cr cn |||m|||a</controlfield>
	<controlfield tag="008">200522m19361937ti      o     000 0 ara d</controlfield>
	<datafield ind1=" " ind2=" " tag="040">
		<subfield code="a">ZYU</subfield>
		<subfield code="b">ara</subfield>
		<subfield code="e">rda</subfield>
		<subfield code="c">ZYU</subfield>
	</datafield>
	<datafield ind1=" " ind2=" " tag="043">
		<subfield code="a">f-ti---</subfield>
	</datafield>
	<datafield ind1="0" ind2="4" tag="082">
		<subfield code="a">336.611</subfield>
		<subfield code="2">23</subfield>
	</datafield>
	<datafield ind1="1" ind2=" " tag="110">
		<subfield code="6">880-01</subfield>
		<subfield code="a">Tunisia.</subfield>
		<subfield code="b">Grand Conseil.</subfield>
		<subfield code="e">issuing body.</subfield>
		<subfield code="0">https://lccn.loc.gov/n91038525 ,</subfield>
	</datafield>
	<datafield ind1="1" ind2="0" tag="245">
		<subfield code="6">880-02</subfield>
		<subfield code="a">Taqārīr jalsāt al-Majlis al-Kabīr lil-Iyālah al-Tūnisīyah.</subfield>
		<subfield code="n">al-Dawr al-rābiʻ ʻashar lil-jalsāt (fī Uktūbir sanat 1936) / al-Mamlakah al-Tūnisīyah, al-Sifārah al-ʻĀmmah lil-Jumhūrīyah al-Fransāwīyah bi-Tūnis, al-Majlis al-Kabīr lil-Iyālah al-Tūnisīyah.</subfield>
		<subfield code="p">al-Qism al-Tūnisī /</subfield>
		<subfield code="c">al-Mamlakah al-Tūnisīyah, al-Ḥimāyah al-Fransāwīyah. [Wa-yalihi] Muqaddarāt mīzānīyat ʻam 1936.</subfield>
		<subfield code="n">الدور الرابع عشر للجلسات (في اكتوبر سنة 1936) /</subfield>
		<subfield code="c">المملكة التونسية، السفارة العامة للجمهورية الفرنسوية بتونس، المجلس الكبير للايالة التونسية.</subfield>
	</datafield>
	<datafield ind1=" " ind2="1" tag="264">
		<subfield code="6">880-03</subfield>
		<subfield code="a">Tūnis :</subfield>
		<subfield code="b">al-Maṭbaʻah al-Rasmīyah,</subfield>
		<subfield code="c">[between 1936 and 1937]</subfield>
	</datafield>
	<datafield ind1=" " ind2=" " tag="300">
		<subfield code="6">880-04</subfield>
		<subfield code="a">online resource (1 volume (various pagings))</subfield>
	</datafield>
	<datafield ind1=" " ind2=" " tag="336">
		<subfield code="a">text</subfield>
		<subfield code="2">rdacontent</subfield>
	</datafield>
	<datafield ind1=" " ind2=" " tag="337">
		<subfield code="a">computer</subfield>
		<subfield code="2">rdamedia</subfield>
	</datafield>
	<datafield ind1=" " ind2=" " tag="338">
		<subfield code="a">online resource</subfield>
		<subfield code="2">rdacarrier</subfield>
	</datafield>
	<datafield ind1=" " ind2=" " tag="500">
		<subfield code="a">Part of the Arabic Collections Online (ACO) project, contributed by American University of Beirut's Jafet Memorial Library.</subfield>
	</datafield>
	<datafield ind1="0" ind2=" " tag="505">
		<subfield code="a">(أ) جريدة اعضاء المجلس الكبير بالعمالة التونسية -- ب تقارير القسم التونسي --ت) فهرس.</subfield>
	</datafield>
	<datafield ind1=" " ind2=" " tag="533">
		<subfield code="a">Electronic reproduction.</subfield>
		<subfield code="b">New York, N.Y. :</subfield>
		<subfield code="c">New York University,</subfield>
		<subfield code="d">2020.</subfield>
		<subfield code="5">NNU</subfield>
	</datafield>
	<datafield ind1="1" ind2="4" tag="610">
		<subfield code="a">تونس.</subfield>
		<subfield code="b">المجلس الكبير</subfield>
		<subfield code="v">محاضر جلسات (سجلات)</subfield>
	</datafield>
	<datafield ind1="1" ind2="0" tag="610">
		<subfield code="a">Tunisia.</subfield>
		<subfield code="b">Grand Conseil</subfield>
		<subfield code="v">Minutes (Records)</subfield>
	</datafield>
	<datafield ind1=" " ind2="4" tag="651">
		<subfield code="a">تونس</subfield>
		<subfield code="x">الإعتمادات والمصروفات.</subfield>
	</datafield>
	<datafield ind1=" " ind2="0" tag="651">
		<subfield code="a">Tunisia</subfield>
		<subfield code="x">Appropriations and expenditures.</subfield>
	</datafield>
	<datafield ind1="1" ind2=" " tag="710">
		<subfield code="6">880-05</subfield>
		<subfield code="a">France.</subfield>
		<subfield code="b">Ambassade (Tunisia).</subfield>
		<subfield code="t">مقدرات ميزانية عام 1936.</subfield>
		<subfield code="n">الدور الرابع عشر للجلسات (في اكتوبر سنة 1936)</subfield>
		<subfield code="0">https://lccn.loc.gov/n82125585 ,</subfield>
		<subfield code="e">issuing body.</subfield>
	</datafield>
	<datafield ind1="1" ind2=" " tag="710">
		<subfield code="6">880-06</subfield>
		<subfield code="a">Tunisia.</subfield>
		<subfield code="b">Grand Conseil.</subfield>
		<subfield code="e">هيئة اصدار. </subfield>
		<subfield code="t">Muqaddarāt mīzānīyat ʻam 1936.</subfield>
		<subfield code="n">al-Dawr al-rābiʻ ʻashar lil-jalsāt (fī Uktūbir sanat 1936)</subfield>
	</datafield>
	<datafield ind1="2" ind2=" " tag="710">
		<subfield code="a">Jafet Memorial Library.</subfield>
	</datafield>
	<datafield ind1="0" ind2=" " tag="730">
		<subfield code="a">Arabic Collections Online.</subfield>
	</datafield>
	<datafield ind1="0" ind2="8" tag="776">
		<subfield code="i">Print version:</subfield>
		<subfield code="a">Tunisia. Grand Conseil. issuing body. https://lccn.loc.gov/n91038525 ,</subfield>
		<subfield code="t">Taqārīr jalsāt al-Majlis al-Kabīr lil-Iyālah al-Tūnisīyah</subfield>
		<subfield code="w">(LeBAU)b23631831</subfield>
	</datafield>
	<datafield ind1="4" ind2="0" tag="856">
		<subfield code="u">http://hdl.handle.net/2333.1/z612jx59</subfield>
	</datafield>
	<datafield ind1="1" ind2=" " tag="880">
		<subfield code="6">110-01</subfield>
		<subfield code="a">تونس.</subfield>
		<subfield code="b">المجلس الكبير،</subfield>
		<subfield code="0">https://lccn.loc.gov/n91038525 ,</subfield>
		<subfield code="e">هيئة اصدار. </subfield>
		<subfield code="4">isb.</subfield>
	</datafield>
	<datafield ind1="1" ind2="0" tag="880">
		<subfield code="6">245-02</subfield>
		<subfield code="a">تقارير جلسات المجلس الكبير للايالة التونسية.</subfield>
		<subfield code="n">al-Dawr al-rābiʻ ʻashar li-jalsāt (Uktūbir-Nūfimbir sanat 1935),</subfield>
		<subfield code="p">القسم التونسي /</subfield>
		<subfield code="c">المملكة التونسية، الحماية الفرنساوية. [ويليه] مقدرات ميزانية عام 1936.</subfield>
		<subfield code="n">al-Dawr al-rābiʻ ʻashar lil-jalsāt (fī Uktūbir sanat 1936) / al-Mamlakah al-Tūnisīyah, al-Sifārah al-ʻĀmmah lil-Jumhūrīyah al-Fransāwīyah bi-Tūnis, al-Majlis al-Kabīr lil-Iyālah al-Tūnisīyah.</subfield>
	</datafield>
	<datafield ind1=" " ind2=" " tag="880">
		<subfield code="6">300-04</subfield>
		<subfield code="a">1 جزء (متعدد الترقيم) ؛</subfield>
		<subfield code="c">25 سم</subfield>
	</datafield>
	<datafield ind1=" " ind2="1" tag="880">
		<subfield code="6">264-03</subfield>
		<subfield code="a">تونس :</subfield>
		<subfield code="b">المطبعة الرسمية،</subfield>
		<subfield code="c">[ما بين 1936 و 1937]</subfield>
	</datafield>
	<datafield ind1="1" ind2=" " tag="880">
		<subfield code="6">710-06</subfield>
		<subfield code="a">تونس.</subfield>
		<subfield code="b">المجلس الكبير.</subfield>
		<subfield code="0">https://lccn.loc.gov/n82125585 ,</subfield>
		<subfield code="e">issuing body.</subfield>
	</datafield>
	<datafield ind1="1" ind2=" " tag="880">
		<subfield code="6">710-05</subfield>
		<subfield code="a">فرنسا.</subfield>
		<subfield code="b">السفارة (تونس)،</subfield>
		<subfield code="t">Muqaddarāt mīzānīyat ʻam 1936.</subfield>
		<subfield code="n">al-Dawr al-rābiʻ ʻashar lil-jalsāt (fī Uktūbir sanat 1936)</subfield>
		<subfield code="4">isb.</subfield>
	</datafield>
	<datafield ind1=" " ind2=" " tag="959">
		<subfield code="a">NNU</subfield>
		<subfield code="b">WEB</subfield>
		<subfield code="c">GENI</subfield>
		<subfield code="t">0</subfield>
		<subfield code="m">Electronic access</subfield>
		<subfield code="s">01</subfield>
	</datafield>
	<datafield ind1=" " ind2=" " tag="999">
		<subfield code="i">LeBAU_b23631831</subfield>
		<subfield code="s">aub_aco003790:</subfield>
		<subfield code="e">(ERROR-MISC)</subfield>
	</datafield>
</record>
